@misc{hadoop2009hadoop,
  title={Apache Hadoop},
  howpublished={http://hadoop.apache.org}
};
@inproceedings{zaharia2012resilient,
  title={Resilient distributed datasets: A fault-tolerant abstraction for in-memory cluster computing},
  author={Zaharia, Matei and Chowdhury, Mosharaf and Das, Tathagata and Dave, Ankur and Ma, Justin and McCauley, Murphy and Franklin, Michael J and Shenker, Scott and Stoica, Ion},
  booktitle={NSDI},
  year={2012}
};
@inproceedings{ghodsi2011dominant,
  title={Dominant Resource Fairness: Fair Allocation of Multiple Resource Types.},
  author={Ghodsi, Ali and Zaharia, Matei and Hindman, Benjamin and Konwinski, Andy and Shenker, Scott and Stoica, Ion},
  booktitle={NSDI},
  year={2011}
};
@inproceedings{grandl2016graphene,
  title={Graphene: Packing and dependency-aware scheduling for data-parallel clusters},
  author={Grandl, Robert and Kandula, Srikanth and Rao, Sriram and Akella, Aditya and Kulkarni, Janardhan},
  booktitle={OSDI},
  year={2016}
};
@inproceedings{grandl2014multi,
  title={Multi-resource packing for cluster schedulers},
  author={Grandl, Robert and Ananthanarayanan, Ganesh and Kandula, Srikanth and Rao, Sriram and Akella, Aditya},
  booktitle={SIGCOMM},
  year={2014}
};
@inproceedings{grandl2016altruistic,
  title={Altruistic scheduling in multi-resource clusters},
  author={Grandl, Robert and Chowdhury, Mosharaf and Akella, Aditya and Ananthanarayanan, Ganesh},
  booktitle={OSDI},
  year={2016}
};
@inproceedings{zhu2015congestion,
  title={Congestion control for large-scale RDMA deployments},
  author={Zhu, Yibo and Eran, Haggai and Firestone, Daniel and Guo, Chuanxiong and Lipshteyn, Marina and Liron, Yehonatan and Padhye, Jitendra and Raindel, Shachar and Yahia, Mohamad Haj and Zhang, Ming},
  booktitle={SIGCOMM},
  year={2015}
};